<?xml version="1.0" encoding="UTF-8"?><collection xmlns="http://www.loc.gov/MARC21/slim"><record><leader>00493nam--2200169-i-4500</leader><controlfield tag="001">000008436</controlfield><controlfield tag="002">20161230</controlfield><controlfield tag="005">20170208131013</controlfield><controlfield tag="008">060222s1000------------r-----000-0-eng-d</controlfield><datafield ind1=" " ind2=" " tag="100"><subfield code="a">Adamski, L</subfield></datafield><datafield ind1=" " ind2=" " tag="245"><subfield code="a">Spectrum index lu: dy microdistribution measurements in anna reactor lattices</subfield></datafield><datafield ind1=" " ind2=" " tag="260"><subfield code="a">Warsaw</subfield><subfield code="b">Institute Of Nuclear Research</subfield><subfield code="c">1967</subfield></datafield><datafield ind1=" " ind2=" " tag="300"><subfield code="a">II + 6 p. + 3 P.Figuri</subfield></datafield><datafield ind1=" " ind2=" " tag="490"><subfield code="a">Ibj - Ixa/Pr</subfield><subfield code="v">821</subfield></datafield><datafield ind1=" " ind2=" " tag="700"><subfield code="a">Josefowicz, K</subfield></datafield><datafield ind1=" " ind2=" " tag="852"><subfield code="a">13780</subfield></datafield><datafield ind1=" " ind2=" " tag="CAT"><subfield code="a">SYS</subfield><subfield code="c">20170208</subfield><subfield code="h">131013</subfield></datafield></record></collection>